<?xml version="1.0" encoding="UTF-8"?><collection xmlns="http://www.loc.gov/MARC21/slim"><record><leader>00385nam--2200109-i-4500</leader><controlfield tag="001">000046210</controlfield><controlfield tag="002">20161230</controlfield><controlfield tag="005">20161230201045</controlfield><controlfield tag="008">060222s1000------------r-----000-0-eng-d</controlfield><datafield ind1=" " ind2=" " tag="245"><subfield code="a">Third united national international conference on the peaceful uses of atomic energy. geneva, 31st aug. - 9th april 1964</subfield></datafield><datafield ind1=" " ind2=" " tag="260"><subfield code="a">Vienna, International Atomic Energy Agency, 1964, 35 Volume </subfield></datafield><datafield ind1=" " ind2=" " tag="852"><subfield code="a">20030</subfield></datafield></record></collection>